@article{jeong2019complex,
title={Complex urban dataset with multi-level sensors from highly diverse urban environments},
author={Jeong, Jinyong and Cho, Younggun and Shin, Young-Sik and Roh, Hyunchul and Kim, Ayoung},
journal={The International Journal of Robotics Research},
pages={0278364919843996},
year={2019},
publisher={SAGE Publications Sage UK: London, England}
}

@article{don,
author={Y. Ioannou and B. Taati and R. Harrap and M. Greenspan},
booktitle={2012 Second International Conference on 3D Imaging, Modeling, Processing, Visualization Transmission},
title={Difference of Normals as a Multi-scale Operator in Unorganized Point Clouds},
year={2012},
volume={},
number={},
pages={501-508},
keywords={edge detection;image segmentation;object recognition;optical radar;multiscale operator;Difference of Normals;DoN;multiscale approach;large unorganized 3D point clouds;multiscale filtering;real-world outdoor urban;LIDAR scene datasets;large 3D point clouds;scale-salient clusters;semi-automatic annotation;automatic object recognition;large public dataset;outdoor LIDAR scenes;Laser radar;Vectors;Image segmentation;Image edge detection;Kernel;Object recognition;Noise;multi-scale;computer vision;lidar;segmentation;3D;unorganized point clouds;segmentation;filtering;3D edges;point cloud;unorganized;self-driving car;KITTI},
doi={10.1109/3DIMPVT.2012.12},
ISSN={1550-6185},
month={10},}

@article{knn,
author = {Cunningham, Padraig and Delany, Sarah},
year = {2007},
month = {04},
pages = {},
title = {k-Nearest neighbour classifiers},
journal = {Mult Classif Syst}
}

@PhDThesis{RusuDoctoralDissertation, author = {Radu Bogdan Rusu}, title = {Semantic 3D Object Maps for Everyday Manipulation in Human Living Environments}, school = {Computer Science department, Technische Universitaet Muenchen, Germany}, year = {2009}, month = {10} }

@article{Ballardini2015,
author = {Ballardini, Augusto Luis and Fontana, Simone and Furlan, Axel and Limongi, Dario and Sorrenti, Domenico Giorgio},
doi = {10.1109/ITSC.2015.437},
isbn = {9781467365956},
journal = {IEEE Conference on Intelligent Transportation Systems, Proceedings, ITSC},
mendeley-groups = {Tesi},
pages = {2721--2727},
title = {{A Framework for Outdoor Urban Environment Estimation}},
volume = {2015-October},
year = {2015}
}

@book{thrun2005probabilistic,
  title = {Probabilistic robotics},
  author = {Thrun, Sebastian and Burgard, Wolfram and Fox, Dieter},
  year = {2005},
  publisher={MIT press}
}

@MastersThesis{CattaneoSergioTesi,
    author     =     {Cattaneo, Sergio},
    title     =     {{Leveraging the OSM building data in the Road Layout Estimation Framework}},
    school     =     {Università di Milano-Bicocca},
    institution     =     {Dipartimento di Informatica, Sistemistica e Comunicazione},
    year     =     {2015},
    }
    
@INPROCEEDINGS{7795618,
author={A. L. Ballardini and D. Cattaneo and S. Fontana and D. G. Sorrenti},
booktitle={2016 IEEE 19th International Conference on Intelligent Transportation Systems (ITSC)},
title={Leveraging the OSM building data to enhance the localization of an urban vehicle},
year={2016},
pages={622-628},
keywords={automatic guided vehicles;control engineering computing;geographic information systems;road vehicles;traffic engineering computing;KITTI datasets;OSM building data;OpenStreetMaps data;autonomous vehicle driving;detected building façades;lane-level localization;mathematical representation;probabilistic framework;road layout estimation;urban scenario;urban vehicle localization;Buildings;Cameras;Context;Roads;Three-dimensional displays;Urban areas;Vehicles},
doi={10.1109/ITSC.2016.7795618},
month={Nov},}