@online{josm, title={JOSM},
url={https://josm.openstreetmap.de/}} 

@online{pcl, title={Point Cloud Library},
url={http://pointclouds.org}} 

@online{docker, title={Docker},
url={https://docs.docker.com/}} 

@online{ROS, title={ROS},
url={https://www.ros.org/about-ros/}} 

@online{OSM, title={OpenStreetMap}, url={https://www.openstreetmap.org/about}} 


@online{Overpass, title={Overpass API}, url={https://wiki.openstreetmap.org/wiki/Overpass_API} }

@online{OverpassDocker, title={Docker Overpass API},
url={https://github.com/Frankkkkk/docker-overpass-api}}
